@misc{GoogleAnalytics,
  author = {Google},
  title = {Google Analytics Cross Device Tracking Reports},
  url = {https://www.optimizesmart.com/cross-device-reports-in-google-analytics-via-google-signals/},
  year = {2023},
  note = {Accessed: 2024-02-14}
}

@article{CrossDeviceComments,
  author = {Federal Trade Commission},
  title = {Comments for November 2015 Workshop on Cross-Device Tracking},
  url = {https://cdt.org/wp-content/uploads/2015/10/10.16.15-CDT-Cross-Device-Comments.pdf},
  year = {2015},
}

@misc{Criteo,
  author = {Criteo},
  title = {Die Chancen von Cross-Device-Tracking optimal nutzen},
  url = {https://www.criteo.com/de/blog/die-chancen-von-cross-device-optimal-nutzen/},
  year = {2023},
  note = {Accessed: 2024-02-14}
}

@misc{CrossDeviceAnalytics,
  author = {Adobe},
  title = {Cross-Device Analytics},
  url={https://experienceleague.adobe.com/docs/analytics/components/cda/overview.html?lang=en},
  year = {2024},
  note = {Accessed: 2024-02-14}
}

@article{CdtMeasurements,
  author = {Justin Brookman, Phoebe Rouge, Aaron Alva},
  title = {Cross-Device Tracking: Measurement and
Disclosures},
  url={https://www.hillwebcreations.com/wp-content/uploads/2017/05/cross-device-tracking-to-determine-consumer-behavior-otech.pdf},
  year = {2017},
}

@article{CdtPrivacyAnalysis,
  author = {Sebastian Zimmeck, Jie S. Li and Hyungtae Kim},
  title = {A Privacy Analysis of Cross-device Tracking},
  url={https://www.usenix.org/system/files/conference/usenixsecurity17/sec17-zimmeck.pdf},
  year = {2017},
}

@misc{PersonalDataSharing,
  author = {Jinyan Zang, Krysta Dummit, James Graves},
  title = {Who Knows What About Me? A Survey of Behind the Scenes Personal Data Sharing to Third Parties by Mobile Apps},
  url={https://techscience.org/a/2015103001/},
  year = {2017},
  note = {Accessed: 2024-02-14}
}

@article{FlashCookies,
  author = {Ashkan Soltani},
  title = {Flash Cookies and Privacy},
  url={https://papers.ssrn.com/sol3/papers.cfm?abstract_id=1446862},
  year = {2009},
}

@article{EmailLeaks,
  author = {Balachander Krishnamurthy, Konstantin Naryshkin, Craig E. Wills},
  title = {Privacy leakage vs. Protection measures: the growing
disconnect},
  url={https://www.goodtimesweb.org/documentation/2012/w2sp11.pdf},
  year = {2012},
}

@misc{SephoraDatenschutz,
  author = {Sephora},
  title = {Datenschutzverordnung},
  url={https://www.sephora.de/datenschutzerklaerung/donnees-personnelles_DE.html},
  year = {2024},
  note = {Accessed: 2024-02-14}
}

@misc{FTC,
    author = {FEDERAL TRADE COMMISSION: Edith Ramirez; Chairwoman Maureen K. Ohlhausen; Commissioner Terrell McSweeny;},
    title = {Cross-Device Tracking. An FTC Staff Report},
    year = {2017},
 url={https://www.ftc.gov/system/files/documents/reports/cross-device-tracking-federal-trade-commission-staff-report-january-2017/ftc_cross-device_tracking_report_1-23-17.pdf}

}

    
@misc{ wizalyArticle,
  author={Wizaly},
  title={Cross-Device Tracking: Navigating the Complexities of Ad Targeting in Modern Consumer Journeys Across Devices},
 url={https://www.wizaly.com/blog/omnichannel-marketing/two-methods-being-developed-to-track-consumers-across-devices/},
 note={Accessed: 2024-02-12}
 
}
@article{LiuZhang2021,
  author    = {Jingwu Liu and Tao Zhang},
  title     = {Cross-device User Tracking via Hybrid Model},
  journal   = {Procedia Computer Science},
  year      = {2021},
  publisher = {Elsevier}
  
}


@article{Laperdrix2019BrowserFingerprinting,
  title={Browser Fingerprinting: A survey},
  author={Pierre Laperdrix and Nataliia Bielova and Benoit Baudry and Gildas Avoine},
  journal={arXiv},
  year={2019},
  month={November},
  institution={CNRS, Univ Lille, Inria Lille, France; Inria Sophia Antipolis, France; KTH Royal Institute of Technology, Sweden; Univ Rennes, INSA Rennes, CNRS, IRISA, France},
 url={https://arxiv.org/pdf/1905.01051.pdf}
}

@misc{Mitchell2013ThirdPartyCookies,
  author = {Ian D. Mitchell},
  title = {Third Party Tracking Cookies and Data Privacy},
  year = {2013},
  note = {Juris Doctor candidate, Salmon P. Chase College of Law, Northern Kentucky University},
  url={https://deliverypdf.ssrn.com/delivery.php?ID=822120120111024003092073071002092101052045036029007018028086100122126087069021088096017052125052057022012005122092067107118017118059005053080000024001013115087067077046060031115127064082025127094097004083003027122066000095076122112070024104081030086093&EXT=pdf&INDEX=TRUE}
}

